@article{wrath-of-thetis,
	 ISSN = {03605949, 15330699},
	 URL = {http://www.jstor.org/stable/283907},
	 author = {Laura M. Slatkin},
	 journal = {Transactions of the American Philological Association (1974-)},
	 pages = {1--24},
	 publisher = {[Johns Hopkins University Press, American Philological Association]},
	 title = {The Wrath of Thetis},
	 volume = {116},
	 year = {1986}
}

@book{homer_iliad_2015,
	address = {Oakland, California},
	title = {The {Iliad}},
	isbn = {9780520281417 9780520281431},
	abstract = {"A new translation of Homer's Iliad, with introduction, notes, synopsis, and glossary."--Provided by publisher},
	publisher = {University of California Press},
	author = {{Homer} and Green, Peter},
	year = {2015},
	keywords = {Achilles, Poetry, Trojan War, Poetry, Epic poetry, Greek}
}

@article{aethiopus,
	 ISSN = {00098388, 14716844},
	 URL = {http://www.jstor.org/stable/1558893},
	 author = {M. L. West},
	 journal = {The Classical Quarterly},
	 number = {2},
	 pages = {338--352},
	 publisher = {Cambridge University Press},
	 title = {Iliad and Aethiopis on the Stage: Aeschylus and Son},
	 volume = {50},
	 year = {2000}
}

