@book{homer_iliad_2015,
	address = {Oakland, California},
	title = {The {Iliad}},
	isbn = {9780520281417 9780520281431},
	abstract = {"A new translation of Homer's Iliad, with introduction, notes, synopsis, and glossary."--Provided by publisher},
	publisher = {University of California Press},
	author = {{Homer} and Green, Peter},
	year = {2015},
	keywords = {Achilles, Poetry, Trojan War, Poetry, Epic poetry, Greek}
}

@book{miller_circe_2018,
	address = {New York},
	edition = {First edition},
	title = {Circe: a novel},
	isbn = {9780316556347},
	shorttitle = {Circe},
	publisher = {Little, Brown and Company},
	author = {Miller, Madeline},
	year = {2018},
	keywords = {Circe, Fiction, Mythology, Greek, Fiction, Goddesses, Fiction, Magic, Fiction, Fantasy fiction}
}

@book{homer_odyssey_1998,
	address = {New York},
	title = {The {Odyssey}},
	isbn = {9780374224387},
	language = {English},
	publisher = {Farrar, Straus and Giroux},
	author = {{Homer} and Fitzgerald, Robert},
	year = {1998},
}

@misc{theoi,
	title = {{THEOI} {GREEK} {MYTHOLOGY} - {Exploring} {Mythology} in {Classical} {Literature} \& {Art}},
	url = {http://www.theoi.com/},
	abstract = {Welcome to the Theoi Project, a site exploring Greek mythology and the gods in classical literature and art. The aim of the project is to provide a comprehensive, free reference guide to the gods (theoi), spirits (daimones), fabulous creatures (theres) and heroes of ancient Greek mythology and religion.},
	urldate = {2018-12-04TZ}
}
